@inproceedings{langley00,
 author    = {P. Langley},
 title     = {Crafting Papers on Machine Learning},
 year      = {2000},
 pages     = {1207--1216},
 editor    = {Pat Langley},
 booktitle     = {Proceedings of the 17th International Conference
              on Machine Learning (ICML 2000)},
 address   = {Stanford, CA},
 publisher = {Morgan Kaufmann}
}

@TechReport{mitchell80,
  author = 	 "T. M. Mitchell",
  title = 	 "The Need for Biases in Learning Generalizations",
  institution =  "Computer Science Department, Rutgers University",
  year = 	 "1980",
  address =	 "New Brunswick, MA",
}

@phdthesis{kearns89,
  author = {M. J. Kearns},
  title =  {Computational Complexity of Machine Learning},
  school = {Department of Computer Science, Harvard University},
  year =   {1989}
}

@Book{MachineLearningI,
  editor = 	 "R. S. Michalski and J. G. Carbonell and T.
		  M. Mitchell",
  title = 	 "Machine Learning: An Artificial Intelligence
		  Approach, Vol. I",
  publisher = 	 "Tioga",
  year = 	 "1983",
  address =	 "Palo Alto, CA"
}

@Book{DudaHart2nd,
  author =       "R. O. Duda and P. E. Hart and D. G. Stork",
  title =        "Pattern Classification",
  publisher =    "John Wiley and Sons",
  edition =      "2nd",
  year =         "2000"
}

@misc{anonymous,
  title= {Suppressed for Anonymity},
  author= {Author, N. N.},
  year= {2011},
}

@InCollection{Newell81,
  author =       "A. Newell and P. S. Rosenbloom",
  title =        "Mechanisms of Skill Acquisition and the Law of
                  Practice", 
  booktitle =    "Cognitive Skills and Their Acquisition",
  pages =        "1--51",
  publisher =    "Lawrence Erlbaum Associates, Inc.",
  year =         "1981",
  editor =       "J. R. Anderson",
  chapter =      "1",
  address =      "Hillsdale, NJ"
}


@Article{Samuel59,
  author = 	 "A. L. Samuel",
  title = 	 "Some Studies in Machine Learning Using the Game of
		  Checkers",
  journal =	 "IBM Journal of Research and Development",
  year =	 "1959",
  volume =	 "3",
  number =	 "3",
  pages =	 "211--229"
}

@inproceedings{mnih2007three,
  title={Three new graphical models for statistical language modelling},
  author={Mnih, Andriy and Hinton, Geoffrey},
  booktitle={ICML},
  pages={641--648},
  year={2007}
}

@inproceedings{grubinger2006iapr,
  title={The iapr tc-12 benchmark: A new evaluation resource for visual information systems},
  author={Grubinger, Michael and Clough, Paul and M{\"u}ller, Henning and Deselaers, Thomas},
  booktitle={International Workshop OntoImage},
  pages={13--23},
  year={2006}
}

@incollection{berg2010automatic,
  title={Automatic attribute discovery and characterization from noisy web data},
  author={Berg, Tamara L and Berg, Alexander C and Shih, Jonathan},
  booktitle={Computer Vision--ECCV 2010},
  pages={663--676},
  year={2010},
  publisher={Springer}
}

@inproceedings{papineni2002bleu,
  title={BLEU: a method for automatic evaluation of machine translation},
  author={Papineni, Kishore and Roukos, Salim and Ward, Todd and Zhu, Wei-Jing},
  booktitle={Proceedings of the 40th annual meeting on association for computational linguistics},
  pages={311--318},
  year={2002},
  organization={Association for Computational Linguistics}
}

@inproceedings{kulkarni2011baby,
  title={Baby talk: Understanding and generating simple image descriptions},
  author={Kulkarni, Girish and Premraj, Visruth and Dhar, Sagnik and Li, Siming and Choi, Yejin and Berg, Alexander C and Berg, Tamara L},
  booktitle={CVPR},
  year={2011}
}

@inproceedings{gupta2012image,
  title={From image annotation to image description},
  author={Gupta, Ankush and Mannem, Prashanth},
  booktitle={Neural Information Processing},
  pages={196--204},
  year={2012},
  organization={Springer}
}

@inproceedings{gupta2012choosing,
  title={Choosing Linguistics over Vision to Describe Images.},
  author={Gupta, Ankush and Verma, Yashaswi and Jawahar, CV},
  year={2012},
  booktitle={AAAI},
}

@inproceedings{collobert2008unified,
  title={A unified architecture for natural language processing: Deep neural networks with multitask learning},
  author={Collobert, Ronan and Weston, Jason},
  booktitle={ICML},
  pages={160--167},
  year={2008}
}

@inproceedings{kiros2012deep,
  title={Deep Representations and Codes for Image Auto-Annotation},
  author={Kiros, Ryan and Szepesv{\'a}ri, Csaba},
  booktitle={Advances in Neural Information Processing Systems 25},
  pages={917--925},
  year={2012}
}

@inproceedings{swersky2013multi,
  title={Multi-Task Bayesian Optimization},
  author={Swersky, Kevin and Snoek, Jasper and Adams, Ryan},
  booktitle={Advances in Neural Information Processing Systems},
  year={2013}
}

@inproceedings{coates2011importance,
  title={The importance of encoding versus training with sparse coding and vector quantization},
  author={Coates, Adam and Ng, Andrew},
  booktitle={Proceedings of the 28th International Conference on Machine Learning (ICML-11)},
  pages={921--928},
  year={2011}
}

@inproceedings{memisevic2007unsupervised,
  title={Unsupervised learning of image transformations},
  author={Memisevic, Roland and Hinton, Geoffrey},
  booktitle={CVPR},
  pages={1--8},
  year={2007}
}

@inproceedings{krizhevsky2010factored,
  title={Factored 3-way restricted boltzmann machines for modeling natural images},
  author={Krizhevsky, Alex and Hinton, Geoffrey E and others},
  booktitle={AISTATS},
  pages={621--628},
  year={2010}
}

@article{Bengio:2003:NPL:944919.944966,
 author = {Bengio, Yoshua and Ducharme, R{\'e}jean and Vincent, Pascal and Janvin, Christian},
 title = {A neural probabilistic language model},
 journal = {JMLR},
 year = {2003}
}

@inproceedings{mikolov2010recurrent,
  title={Recurrent neural network based language model.},
  author={Mikolov, Tomas and Karafi{\'a}t, Martin and Burget, Lukas and Cernock{\`y}, Jan and Khudanpur, Sanjeev},
  booktitle={INTERSPEECH},
  pages={1045--1048},
  year={2010}
}

@inproceedings{mikolov2011strategies,
  title={Strategies for training large scale neural network language models},
  author={Mikolov, Tomas and Deoras, Anoop and Povey, Daniel and Burget, Lukas and Cernocky, Jan},
  booktitle={Automatic Speech Recognition and Understanding (ASRU), 2011 IEEE Workshop on},
  pages={196--201},
  year={2011},
  organization={IEEE}
}

@inproceedings{mnih2008scalable,
  title={A scalable hierarchical distributed language model},
  author={Mnih, Andriy and Hinton, Geoffrey E},
  booktitle={Advances in neural information processing systems},
  pages={1081--1088},
  year={2008}
}

@article{mnih2012fast,
  title={A fast and simple algorithm for training neural probabilistic language models},
  author={Mnih, Andriy and Teh, Yee Whye},
  journal={arXiv preprint arXiv:1206.6426},
  year={2012}
}

@article{mikolov2013efficient,
  title={Efficient Estimation of Word Representations in Vector Space},
  author={Mikolov, Tomas and Chen, Kai and Corrado, Greg and Dean, Jeffrey},
  journal={arXiv preprint arXiv:1301.3781},
  year={2013}
}

@inproceedings{mitchell2012midge,
  title={Midge: Generating image descriptions from computer vision detections},
  author={Mitchell, Margaret and Han, Xufeng and Dodge, Jesse and Mensch, Alyssa and Goyal, Amit and Berg, Alex and Yamaguchi, Kota and Berg, Tamara and Stratos, Karl and Daum{\'e} III, Hal},
  booktitle={EACL},
  year={2012}
}

@inproceedings{ordonez2011im2text,
  title={Im2text: Describing images using 1 million captioned photographs},
  author={Ordonez, Vicente and Kulkarni, Girish and Berg, Tamara L},
  booktitle={NIPS},
  year={2011}
}

@inproceedings{yang2011corpus,
  title={Corpus-guided sentence generation of natural images},
  author={Yang, Yezhou and Teo, Ching Lik and Daum{\'e} III, Hal and Aloimonos, Yiannis},
  booktitle={EMNLP},
  year={2011}
}

@incollection{farhadi2010every,
  title={Every picture tells a story: Generating sentences from images},
  author={Farhadi, Ali and Hejrati, Mohsen and Sadeghi, Mohammad Amin and Young, Peter and Rashtchian, Cyrus and Hockenmaier, Julia and Forsyth, David},
  booktitle={ECCV},
  year={2010}
}

@inproceedings{srivastava2012multimodal,
  title={Multimodal learning with deep Boltzmann machines},
  author={Srivastava, Nitish and Salakhutdinov, Ruslan},
  booktitle={NIPS},
  year={2012}
}

@inproceedings{ngiam2011multimodal,
  title={Multimodal deep learning},
  author={Ngiam, Jiquan and Khosla, Aditya and Kim, Mingyu and Nam, Juhan and Lee, Honglak and Ng, Andrew},
  booktitle={ICML},
  year={2011}
}

@article{fromedevise2013,
  title={DeViSE: A Deep Visual-Semantic Embedding Model},
  author={Frome, Andrea and Corrado, Greg S and Shlens, Jon and Bengio, Samy and Dean, Jeffrey and MarcAurelio Ranzato, Tomas Mikolov},
  journal={NIPS},
  year={2013}
}

@inproceedings{turian2010word,
  title={Word representations: a simple and general method for semi-supervised learning},
  author={Turian, Joseph and Ratinov, Lev and Bengio, Yoshua},
  booktitle={ACL},
  pages={384--394},
  year={2010}
}

@inproceedings{huang2012improving,
  title={Improving word representations via global context and multiple word prototypes},
  author={Huang, Eric H and Socher, Richard and Manning, Christopher D and Ng, Andrew Y},
  booktitle={Proceedings of the 50th Annual Meeting of the Association for Computational Linguistics: Long Papers-Volume 1},
  pages={873--882},
  year={2012},
  organization={Association for Computational Linguistics}
}

@inproceedings{krizhevsky2012imagenet,
  title={Imagenet classification with deep convolutional neural networks},
  author={Krizhevsky, Alex and Sutskever, Ilya and Hinton, Geoff},
  booktitle={NIPS},
  year={2012}
}

@article{andrewdeep,
  title={Deep Canonical Correlation Analysis},
  author={Andrew, Galen and Arora, Raman and Bilmes, Jeff and Livescu, Karen}
}

@inproceedings{gens2012discriminative,
  title={Discriminative learning of sum-product networks},
  author={Gens, Robert and Domingos, Pedro},
  booktitle={Advances in Neural Information Processing Systems},
  pages={3248--3256},
  year={2012}
}







@inproceedings{griffiths2004integrating,
  title={Integrating topics and syntax},
  author={Griffiths, Thomas L and Steyvers, Mark and Blei, David M and Tenenbaum, Joshua B},
  booktitle={Advances in neural information processing systems},
  pages={537--544},
  year={2004}
}

@inproceedings{rosen2004author,
  title={The author-topic model for authors and documents},
  author={Rosen-Zvi, Michal and Griffiths, Thomas and Steyvers, Mark and Smyth, Padhraic},
  booktitle={Proceedings of the 20th conference on Uncertainty in artificial intelligence},
  pages={487--494},
  year={2004},
  organization={AUAI Press}
}

@inproceedings{seroussi2011authorship,
  title={Authorship attribution with latent Dirichlet allocation},
  author={Seroussi, Yanir and Zukerman, Ingrid and Bohnert, Fabian},
  booktitle={Proceedings of the fifteenth conference on computational natural language learning},
  pages={181--189},
  year={2011},
  organization={Association for Computational Linguistics}
}

@inproceedings{seroussi2012authorship,
  title={Authorship attribution with author-aware topic models},
  author={Seroussi, Yanir and Bohnert, Fabian and Zukerman, Ingrid},
  booktitle={Proceedings of the 50th Annual Meeting of the Association for Computational Linguistics: Short Papers-Volume 2},
  pages={264--269},
  year={2012},
  organization={Association for Computational Linguistics}
}

@article{blei2003latent,
  title={Latent dirichlet allocation},
  author={Blei, David M and Ng, Andrew Y and Jordan, Michael I},
  journal={the Journal of machine Learning research},
  volume={3},
  pages={993--1022},
  year={2003},
  publisher={JMLR. org}
}

@article{alum2013multi,
  title={Multi-domain Neural Network Language Model},
  author={Alumae, Tanel},
  year={2013}
}

@inproceedings{larochelle2012neural,
  title={A neural autoregressive topic model},
  author={Larochelle, Hugo and Lauly, Stanislas},
  booktitle={Advances in Neural Information Processing Systems},
  pages={2717--2725},
  year={2012}
}

@inproceedings{hinton2009replicated,
  title={Replicated softmax: an undirected topic model},
  author={Hinton, Geoffrey E and Salakhutdinov, Ruslan},
  booktitle={Advances in neural information processing systems},
  pages={1607--1614},
  year={2009}
}

@article{srivastava2013modeling,
  title={Modeling Documents with Deep Boltzmann Machines},
  author={Srivastava, Nitish and Salakhutdinov, Ruslan R and Hinton, Geoffrey E},
  journal={arXiv preprint arXiv:1309.6865},
  year={2013}
}

@inproceedings{zou2013bilingual,
  title={Bilingual Word Embeddings for Phrase-Based Machine Translation},
  author={Zou, Will Y and Socher, Richard and Cer, Daniel and Manning, Christopher D},
  booktitle={Proc. EMNLP},
  year={2013}
}

@article{kirosmultimodal,
  title={Multimodal Neural Language Models},
  author={Kiros, Ryan and Zemel, Richard S and Salakhutdinov, Ruslan},
  journal={ICML},
  year={2014}
}

@inproceedings{kevselj2003n,
  title={N-gram-based author profiles for authorship attribution},
  author={Ke{\v{s}}elj, Vlado and Peng, Fuchun and Cercone, Nick and Thomas, Calvin},
  booktitle={Proceedings of the conference pacific association for computational linguistics, PACLING},
  volume={3},
  pages={255--264},
  year={2003}
}

@article{van2008visualizing,
  title={Visualizing data using t-SNE},
  author={Van der Maaten, Laurens and Hinton, Geoffrey},
  journal={Journal of Machine Learning Research},
  volume={9},
  number={2579-2605},
  pages={85},
  year={2008}
}

@inproceedings{glorot2010understanding,
  title={Understanding the difficulty of training deep feedforward neural networks},
  author={Glorot, Xavier and Bengio, Yoshua},
  booktitle={International Conference on Artificial Intelligence and Statistics},
  pages={249--256},
  year={2010}
}

@inproceedings{nair2010rectified,
  title={Rectified linear units improve restricted boltzmann machines},
  author={Nair, Vinod and Hinton, Geoffrey E},
  booktitle={Proceedings of the 27th International Conference on Machine Learning (ICML-10)},
  pages={807--814},
  year={2010}
}

@inproceedings{shi2012towards,
  title={Towards Recurrent Neural Networks Language Models with Linguistic and Contextual Features.},
  author={Shi, Yangyang and Wiggers, Pascal and Jonker, Catholijn M},
  booktitle={INTERSPEECH},
  year={2012}
}

@article{hermann2013simple,
  title={A Simple Model for Learning Multilingual Compositional Semantics},
  author={Hermann, Karl Moritz and Blunsom, Phil},
  journal={arXiv preprint arXiv:1312.6173},
  year={2013}
}

@article{khapramultilingual,
  title={Multilingual Deep Learning},
  author={Khapra, Mitesh M and Ravindran, Balaraman and Raykar, Vikas and Saha, Amrita},
  journal={NIPS Deep Learning Workshop},
  year={2013}
}

@article{lauly2014learning,
  title={Learning Multilingual Word Representations using a Bag-of-Words Autoencoder},
  author={Lauly, Stanislas and Boulanger, Alex and Larochelle, Hugo},
  journal={arXiv preprint arXiv:1401.1803},
  year={2014}
}

@inproceedings{socher2012semantic,
  title={Semantic compositionality through recursive matrix-vector spaces},
  author={Socher, Richard and Huval, Brody and Manning, Christopher D and Ng, Andrew Y},
  booktitle={EMNLP},
  pages={1201--1211},
  year={2012}
}

@inproceedings{klementiev2012inducing,
  title={Inducing Crosslingual Distributed Representations of Words.},
  author={Klementiev, Alexandre and Titov, Ivan and Bhattarai, Binod},
  booktitle={COLING},
  pages={1459--1474},
  year={2012}
}

@inproceedings{mikolov2013linguistic,
  title={Linguistic regularities in continuous space word representations},
  author={Mikolov, Tomas and Yih, Wen-tau and Zweig, Geoffrey},
  booktitle={NAACL-HLT},
  year={2013}
}

@inproceedings{morin2005hierarchical,
  title={Hierarchical probabilistic neural network language model},
  author={Morin, Frederic and Bengio, Yoshua},
  booktitle={Proceedings of the international workshop on artificial intelligence and statistics},
  pages={246--252},
  year={2005}
}

@inproceedings{mnih2013learning,
  title={Learning word embeddings efficiently with noise-contrastive estimation},
  author={Mnih, Andriy and Kavukcuoglu, Koray},
  booktitle={Advances in Neural Information Processing Systems},
  pages={2265--2273},
  year={2013}
}

@techreport{pascanu2012difficulty,
  title={On the difficulty of training recurrent neural networks},
  author={Pascanu, Razvan and Mikolov, Tomas and Bengio, Yoshua},
  year={2012},
  institution={Technical Report}
}

@article{mikolov2013exploiting,
  title={Exploiting Similarities among Languages for Machine Translation},
  author={Mikolov, Tomas and Le, Quoc V and Sutskever, Ilya},
  journal={arXiv preprint arXiv:1309.4168},
  year={2013}
}

@inproceedings{vincent2008extracting,
  title={Extracting and composing robust features with denoising autoencoders},
  author={Vincent, Pascal and Larochelle, Hugo and Bengio, Yoshua and Manzagol, Pierre-Antoine},
  booktitle={Proceedings of the 25th international conference on Machine learning},
  pages={1096--1103},
  year={2008},
  organization={ACM}
}

@inproceedings{rifai2011contractive,
  title={Contractive auto-encoders: Explicit invariance during feature extraction},
  author={Rifai, Salah and Vincent, Pascal and Muller, Xavier and Glorot, Xavier and Bengio, Yoshua},
  booktitle={Proceedings of the 28th International Conference on Machine Learning (ICML-11)},
  pages={833--840},
  year={2011}
}

@article{hinton2006reducing,
  title={Reducing the dimensionality of data with neural networks},
  author={Hinton, Geoffrey E and Salakhutdinov, Ruslan R},
  journal={Science},
  volume={313},
  number={5786},
  pages={504--507},
  year={2006},
  publisher={American Association for the Advancement of Science}
}

@article{bengio2007greedy,
  title={Greedy layer-wise training of deep networks},
  author={Bengio, Yoshua and Lamblin, Pascal and Popovici, Dan and Larochelle, Hugo},
  journal={Advances in neural information processing systems},
  volume={19},
  pages={153},
  year={2007},
  publisher={MIT; 1998}
}

@article{luong2013better,
  title={Better word representations with recursive neural networks for morphology},
  author={Luong, Minh-Thang and Socher, Richard and Manning, Christopher D},
  journal={CoNLL-2013},
  volume={104},
  year={2013}
}

@inproceedings{peirsman2010cross,
  title={Cross-lingual induction of selectional preferences with bilingual vector spaces},
  author={Peirsman, Yves and Pad{\'o}, Sebastian},
  booktitle={Human Language Technologies: The 2010 Annual Conference of the North American Chapter of the Association for Computational Linguistics},
  pages={921--929},
  year={2010},
  organization={Association for Computational Linguistics}
}

@inproceedings{sumita2000lexical,
  title={Lexical transfer using a vector-space model},
  author={Sumita, Eiichiro},
  booktitle={Proceedings of the 38th Annual Meeting on Association for Computational Linguistics},
  pages={425--431},
  year={2000},
  organization={Association for Computational Linguistics}
}

@inproceedings{boyd2010holistic,
  title={Holistic sentiment analysis across languages: multilingual supervised latent Dirichlet allocation},
  author={Boyd-Graber, Jordan and Resnik, Philip},
  booktitle={Proceedings of the 2010 Conference on Empirical Methods in Natural Language Processing},
  pages={45--55},
  year={2010},
  organization={Association for Computational Linguistics}
}

@inproceedings{zhao2006bitam,
  title={BiTAM: Bilingual topic admixture models for word alignment},
  author={Zhao, Bing and Xing, Eric P},
  booktitle={Proceedings of the COLING/ACL on Main conference poster sessions},
  pages={969--976},
  year={2006},
  organization={Association for Computational Linguistics}
}

@article{hermann2013role,
  title={The role of syntax in vector space models of compositional semantics},
  author={Hermann, Karl Moritz and Blunsom, Phil},
  journal={Proceedings of ACL, Sofia, Bulgaria, August. Association for Computational Linguistics},
  year={2013}
}

@article{lauly2014autoencoder,
  title={An Autoencoder Approach to Learning Bilingual Word Representations},
  author={Lauly, Stanislas and Larochelle, Hugo and Khapra, Mitesh M and Ravindran, Balaraman and Raykar, Vikas and Saha, Amrita and others},
  journal={arXiv preprint arXiv:1402.1454},
  year={2014}
}

@inproceedings{socher2011dynamic,
  title={Dynamic Pooling and Unfolding Recursive Autoencoders for Paraphrase Detection.},
  author={Socher, Richard and Huang, Eric H and Pennington, Jeffrey and Ng, Andrew Y and Manning, Christopher D},
  booktitle={NIPS},
  volume={24},
  pages={801--809},
  year={2011}
}

@inproceedings{bordes2013translating,
  title={Translating embeddings for modeling multi-relational data},
  author={Bordes, Antoine and Usunier, Nicolas and Garcia-Duran, Alberto and Weston, Jason and Yakhnenko, Oksana},
  booktitle={NIPS},
  pages={2787--2795},
  year={2013}
}

@inproceedings{sutskever2011generating,
  title={Generating text with recurrent neural networks},
  author={Sutskever, Ilya and Martens, James and Hinton, Geoffrey E},
  booktitle={ICML},
  pages={1017--1024},
  year={2011}
}


@article{memisevic2010learning,
  title={Learning to represent spatial transformations with factored higher-order boltzmann machines},
  author={Memisevic, Roland and Hinton, Geoffrey E},
  journal={Neural Computation},
  volume={22},
  number={6},
  pages={1473--1492},
  year={2010},
  publisher={MIT Press}
}

@inproceedings{utiyama2007comparison,
  title={A Comparison of Pivot Methods for Phrase-Based Statistical Machine Translation.},
  author={Utiyama, Masao and Isahara, Hitoshi},
  booktitle={HLT-NAACL},
  pages={484--491},
  year={2007}
}

@inproceedings{koehn2005europarl,
  title={Europarl: A parallel corpus for statistical machine translation},
  author={Koehn, Philipp},
  booktitle={MT summit},
  volume={5},
  pages={79--86},
  year={2005}
}

@article{hermann2013multilingual,
  title={Multilingual Distributed Representations without Word Alignment},
  author={Hermann, Karl Moritz and Blunsom, Phil},
  journal={ICLR},
  year={2014}
}

@inproceedings{socher2013recursive,
  title={Recursive deep models for semantic compositionality over a sentiment treebank},
  author={Socher, Richard and Perelygin, Alex and Wu, Jean Y and Chuang, Jason and Manning, Christopher D and Ng, Andrew Y and Potts, Christopher},
  booktitle={EMNLP},
  pages={1631--1642},
  year={2013}
}

@inproceedings{koehn2007moses,
  title={Moses: Open source toolkit for statistical machine translation},
  author={Koehn, Philipp and Hoang, Hieu and Birch, Alexandra and Callison-Burch, Chris and Federico, Marcello and Bertoldi, Nicola and Cowan, Brooke and Shen, Wade and Moran, Christine and Zens, Richard and others},
  booktitle={Proceedings of the 45th Annual Meeting of the ACL on Interactive Poster and Demonstration Sessions},
  pages={177--180},
  year={2007},
  organization={Association for Computational Linguistics}
}

@article{dauphin2013zero,
  title={Zero-Shot Learning for Semantic Utterance Classification},
  author={Dauphin, Yann N and Tur, Gokhan and Hakkani-Tur, Dilek and Heck, Larry},
  journal={ICLR},
  year={2014}
}

@article{perozzi2014deepwalk,
  title={DeepWalk: Online Learning of Social Representations},
  author={Perozzi, Bryan and Al-Rfou, Rami and Skiena, Steven},
  journal={arXiv preprint arXiv:1403.6652},
  year={2014}
}

@inproceedings{taylor2009factored,
  title={Factored conditional restricted Boltzmann machines for modeling motion style},
  author={Taylor, Graham W and Hinton, Geoffrey E},
  booktitle={ICML},
  pages={1025--1032},
  year={2009}
}

@inproceedings{schler2006effects,
  title={Effects of Age and Gender on Blogging.},
  author={Schler, Jonathan and Koppel, Moshe and Argamon, Shlomo and Pennebaker, James W},
  booktitle={AAAI Spring Symposium: Computational Approaches to Analyzing Weblogs},
  volume={6},
  pages={199--205},
  year={2006}
}

@article{charlintoronto,
  title={The Toronto Paper Matching System: An automated paper-reviewer assignment system},
  author={Charlin, Laurent and Zemel, Richard S},
  journal={ICML PEER workshop},
  year={2013},
  publisher={Citeseer}
}

@article{le2014distributed,
  title={Distributed Representations of Sentences and Documents},
  author={Le, Quoc V and Mikolov, Tomas},
  journal={ICML},
  year={2014}
}

@inproceedings{mikolov2013distributed,
  title={Distributed representations of words and phrases and their compositionality},
  author={Mikolov, Tomas and Sutskever, Ilya and Chen, Kai and Corrado, Greg S and Dean, Jeff},
  booktitle={NIPS},
  pages={3111--3119},
  year={2013}
}

@inproceedings{blunsom2014convolutional,
  title={A Convolutional Neural Network for Modelling Sentences},
  author={Blunsom, Phil and Grefenstette, Edward and Kalchbrenner, Nal and others},
  booktitle={ACL},
  year={2014}
}

@inproceedings{socher2011semi,
  title={Semi-supervised recursive autoencoders for predicting sentiment distributions},
  author={Socher, Richard and Pennington, Jeffrey and Huang, Eric H and Ng, Andrew Y and Manning, Christopher D},
  booktitle={EMNLP},
  pages={151--161},
  year={2011}
}

@inproceedings{pang2005seeing,
  title={Seeing stars: Exploiting class relationships for sentiment categorization with respect to rating scales},
  author={Pang, Bo and Lee, Lillian},
  booktitle={ACL},
  pages={115--124},
  year={2005}
}

@inproceedings{socher2013reasoning,
  title={Reasoning With Neural Tensor Networks for Knowledge Base Completion},
  author={Socher, Richard and Chen, Danqi and Manning, Christopher D and Ng, Andrew},
  booktitle={NIPS},
  pages={926--934},
  year={2013}
}

@article{charlin2012framework,
  title={A framework for optimizing paper matching},
  author={Charlin, Laurent and Zemel, Richard S and Boutilier, Craig},
  journal={UAI},
  year={2011}
}

@article{weston2010large,
  title={Large scale image annotation: learning to rank with joint word-image embeddings},
  author={Weston, Jason and Bengio, Samy and Usunier, Nicolas},
  journal={Machine learning},
  year={2010}
}

@inproceedings{socher2013grounded,
  title={Grounded Compositional Semantics for Finding and Describing Images with Sentences},
  author={Socher, Richard and Le, Q and Manning, C and Ng, A},
  booktitle={TACL},
  year={2014}
}

@article{karpathy2014deep,
  title={Deep Fragment Embeddings for Bidirectional Image Sentence Mapping},
  author={Karpathy, Andrej and Joulin, Armand and Fei-Fei, Li},
  journal={NIPS},
  year={2014}
}

@article{sutskever2014sequence,
  title={Sequence to Sequence Learning with Neural Networks},
  author={Sutskever, Ilya and Vinyals, Oriol and Le, Quoc V},
  journal={NIPS},
  year={2014}
}

@article{cho2014learning,
  title={Learning Phrase Representations using RNN Encoder-Decoder for Statistical Machine Translation},
  author={Cho, Kyunghyun and van Merrienboer, Bart and Gulcehre, Caglar and Bougares, Fethi and Schwenk, Holger and Bengio, Yoshua},
  journal={EMNLP},
  year={2014}
}

@inproceedings{kalchbrenner2013recurrent,
  title={Recurrent Continuous Translation Models.},
  author={Kalchbrenner, Nal and Blunsom, Phil},
  booktitle={EMNLP},
  year={2013}
}

@article{bahdanau2014neural,
  title={Neural Machine Translation by Jointly Learning to Align and Translate},
  author={Bahdanau, Dzmitry and Cho, Kyunghyun and Bengio, Yoshua},
  journal={arXiv preprint arXiv:1409.0473},
  year={2014}
}

@inproceedings{Hermann:2014:ACLphil,
  title={Multilingual Models for Compositional Distributional Semantics},
  author={Hermann, Karl Moritz and Blunsom, Phil},
  year={2014},
  booktitle={ACL}
}

@inproceedings{dodge2012detecting,
  title={Detecting visual text},
  author={Dodge, Jesse and Goyal, Amit and Han, Xufeng and Mensch, Alyssa and Mitchell, Margaret and Stratos, Karl and Yamaguchi, Kota and Choi, Yejin and Daum{\'e} III, Hal and Berg, Alexander C and others},
  booktitle={NAACL},
  year={2012}
}

@article{hodosh2013framing,
  title={Framing Image Description as a Ranking Task: Data, Models and Evaluation Metrics.},
  author={Hodosh, Micah and Young, Peter and Hockenmaier, Julia},
  journal={JAIR},
  year={2013}
}

@article{kiros2014multiplicative,
  title={A Multiplicative Model for Learning Distributed Text-Based Attribute Representations},
  author={Kiros, Ryan and Zemel, Richard S and Salakhutdinov, Ruslan},
  journal={NIPS},
  year={2014}
}

@article{hodoshimage,
  title={From image descriptions to visual denotations: New similarity metrics for semantic inference over event descriptions},
  author={Hodosh, Peter Young Alice Lai Micah and Hockenmaier, Julia},
  journal={TACL},
  year={2014}
}

@article{lin2014microsoft,
  title={Microsoft COCO: Common Objects in Context},
  author={Lin, Tsung-Yi and Maire, Michael and Belongie, Serge and Hays, James and Perona, Pietro and Ramanan, Deva and Doll{\'a}r, Piotr and Zitnick, C Lawrence},
  journal={arXiv preprint arXiv:1405.0312},
  year={2014}
}

@article{chelba2013one,
  title={One Billion Word Benchmark for Measuring Progress in Statistical Language Modeling},
  author={Chelba, Ciprian and Mikolov, Tomas and Schuster, Mike and Ge, Qi and Brants, Thorsten and Koehn, Phillipp},
  journal={arXiv preprint arXiv:1312.3005},
  year={2013}
}

@article{berg2014tree,
  title={TREETALK : Composition and Compression of Trees for Image Descriptions},
  author={Kuznetsova, Polina and Ordonez, Vicente and Berg, Tamara L. and Choi, Yejin},
  journal={TACL},
  year={2014}
}

@inproceedings{kuznetsova2012collective,
  title={Collective generation of natural image descriptions},
  author={Kuznetsova, Polina and Ordonez, Vicente and Berg, Alexander C and Berg, Tamara L and Choi, Yejin},
  year={2012},
  organization={ACL}
}

@inproceedings{blunsom2014deep,
  title={A Deep Architecture for Semantic Parsing},
  author={Blunsom, Phil and de Freitas, Nando and Grefenstette, Edward and Hermann, Karl Moritz and others},
  booktitle={ACL 2014 Workshop on Semantic Parsing},
  year={2014}
}

@incollection{gong2014improving,
  title={Improving Image-Sentence Embeddings Using Large Weakly Annotated Photo Collections},
  author={Gong, Yunchao and Wang, Liwei and Hodosh, Micah and Hockenmaier, Julia and Lazebnik, Svetlana},
  booktitle={ECCV},
  year={2014}
}

@inproceedings{jia2011learning,
  title={Learning cross-modality similarity for multinomial data},
  author={Jia, Yangqing and Salzmann, Mathieu and Darrell, Trevor},
  booktitle={ICCV},
  year={2011}
}

@article{girshick2013rich,
  title={Rich feature hierarchies for accurate object detection and semantic segmentation},
  author={Girshick, Ross and Donahue, Jeff and Darrell, Trevor and Malik, Jitendra},
  journal={CVPR},
  year={2014}
}

@article{devlin2014fast,
  title={Fast and robust neural network joint models for statistical machine translation},
  author={Devlin, Jacob and Zbib, Rabih and Huang, Zhongqiang and Lamar, Thomas and Schwartz, Richard and Makhoul, John},
  journal={ACL},
  year={2014}
}

@inproceedings{rohrbach2013translating,
  title={Translating video content to natural language descriptions},
  author={Rohrbach, Marcus and Qiu, Wei and Titov, Ivan and Thater, Stefan and Pinkal, Manfred and Schiele, Bernt},
  booktitle={ICCV},
  year={2013}
}

@inproceedings{li2011composing,
  title={Composing simple image descriptions using web-scale n-grams},
  author={Li, Siming and Kulkarni, Girish and Berg, Tamara L and Berg, Alexander C and Choi, Yejin},
  booktitle={CONLL},
  year={2011}
}

@article{hochreiter1997long,
  title={Long short-term memory},
  author={Hochreiter, Sepp and Schmidhuber, J{\"u}rgen},
  journal={Neural computation},
  year={1997}
}

@article{mao2014explain,
  title={Explain Images with Multimodal Recurrent Neural Networks},
  author={Mao, Junhua and Xu, Wei and Yang, Yi and Wang, Jiang and Yuille, Alan L},
  journal={arXiv preprint arXiv:1410.1090},
  year={2014}
}

@article{graves2009novel,
  title={A novel connectionist system for unconstrained handwriting recognition},
  author={Graves, Alex and Liwicki, Marcus and Fern{\'a}ndez, Santiago and Bertolami, Roman and Bunke, Horst and Schmidhuber, J{\"u}rgen},
  journal={TPAMI},
  year={2009}
}

@inproceedings{graves2013hybrid,
  title={Hybrid speech recognition with deep bidirectional LSTM},
  author={Graves, Alex and Jaitly, Navdeep and Mohamed, Abdel-rahman},
  booktitle={IEEE Workshop on ASRU},
  year={2013}
}

@article{graves2013generating,
  title={Generating sequences with recurrent neural networks},
  author={Graves, Alex},
  journal={arXiv preprint arXiv:1308.0850},
  year={2013}
}

@article{srivastava2014dropout,
  title={Dropout: A simple way to prevent neural networks from overfitting},
  author={Srivastava, Nitish and Hinton, Geoffrey and Krizhevsky, Alex and Sutskever, Ilya and Salakhutdinov, Ruslan},
  journal={JMLR},
  year={2014}
}

@article{zaremba2014recurrent,
  title={Recurrent Neural Network Regularization},
  author={Zaremba, Wojciech and Sutskever, Ilya and Vinyals, Oriol},
  journal={arXiv preprint arXiv:1409.2329},
  year={2014}
}

@article{simonyan2014very,
  title={Very Deep Convolutional Networks for Large-Scale Image Recognition},
  author={Simonyan, Karen and Zisserman, Andrew},
  journal={arXiv preprint arXiv:1409.1556},
  year={2014}
}

@article{vinyals2014show,
  title={Show and Tell: A Neural Image Caption Generator},
  author={Vinyals, Oriol and Toshev, Alexander and Bengio, Samy and Erhan, Dumitru},
  journal={arXiv preprint arXiv:1411.4555},
  year={2014}
}

@article{donahue2014long,
  title={Long-term Recurrent Convolutional Networks for Visual Recognition and Description},
  author={Donahue, Jeff and Hendricks, Lisa Anne and Guadarrama, Sergio and Rohrbach, Marcus and Venugopalan, Subhashini and Saenko, Kate and Darrell, Trevor},
  journal={arXiv preprint arXiv:1411.4389},
  year={2014}
}

@article{karpathy2014deepvs,
  title={Deep Visual-Semantic Alignments for Generating Image Descriptions},
  author={Karpathy, Andrej and Fei-Fei, Li},
  journal={Stanford technical report},
  year={2014}
}

@inproceedings{van2011segmentation,
  title={Segmentation as selective search for object recognition},
  author={Van de Sande, Koen EA and Uijlings, Jasper RR and Gevers, Theo and Smeulders, Arnold WM},
  booktitle={ICCV},
  year={2011}
}

@article{szegedy2014going,
  title={Going deeper with convolutions},
  author={Szegedy, Christian and Liu, Wei and Jia, Yangqing and Sermanet, Pierre and Reed, Scott and Anguelov, Dragomir and Erhan, Dumitru and Vanhoucke, Vincent and Rabinovich, Andrew},
  journal={arXiv preprint arXiv:1409.4842},
  year={2014}
}



